<record><leader>00000cas a22000007a 4500</leader><controlfield tag="001">11062790</controlfield><controlfield tag="008">840816d18511870nyuwr ne      0    0eng d</controlfield><datafield ind1=" " ind2=" " tag="010"><subfield code="a">sn 84031398 </subfield></datafield><datafield ind1=" " ind2=" " tag="040"><subfield code="a">NYG</subfield><subfield code="b">eng</subfield><subfield code="c">NYG</subfield><subfield code="d">NPX</subfield><subfield code="d">NYS</subfield><subfield code="d">WAU</subfield><subfield code="d">OCL</subfield><subfield code="d">KRTAS</subfield><subfield code="d">OCLCQ</subfield><subfield code="d">OCLCF</subfield><subfield code="d">OCLCO</subfield></datafield><datafield ind1="1" ind2=" " tag="029"><subfield code="a">AU@</subfield><subfield code="b">000020232333</subfield></datafield><datafield ind1=" " ind2=" " tag="042"><subfield code="a">msc</subfield></datafield><datafield ind1=" " ind2=" " tag="043"><subfield code="a">n-us-ny</subfield></datafield><datafield ind1="0" ind2=" " tag="130"><subfield code="a">Seneca observer (Waterloo, N.Y. : 1851)</subfield></datafield><datafield ind1="1" ind2="4" tag="245"><subfield code="a">The Seneca observer.</subfield></datafield><datafield ind1="1" ind2="3" tag="246"><subfield code="a">Observer &amp; union</subfield></datafield><datafield ind1=" " ind2=" " tag="260"><subfield code="a">Waterloo [N.Y.] :</subfield><subfield code="b">Sentell &amp; Pew</subfield></datafield><datafield ind1=" " ind2=" " tag="300"><subfield code="a">v. :</subfield><subfield code="b">ill. (chiefly adv.)</subfield></datafield><datafield ind1=" " ind2=" " tag="310"><subfield code="a">Weekly</subfield></datafield><datafield ind1="1" ind2=" " tag="362"><subfield code="a">Began in Jan. 1851?</subfield></datafield><datafield ind1="1" ind2=" " tag="362"><subfield code="a">Ceased in 1870.</subfield><subfield code="z">Faibisoff, S.G. Bibl. of newspapers in 14 N.Y. counties (1978 ed.).</subfield></datafield><datafield ind1=" " ind2=" " tag="500"><subfield code="a">Publishers: Sentell &amp; Pew, &lt;1851&gt;; E.W. Sentell, &lt;1866&gt;; E.W. Sentell &amp; O.C. Cooper, &lt;1867-1869&gt;; N. Hyatt, &lt;1870&gt;.</subfield></datafield><datafield ind1=" " ind2=" " tag="530"><subfield code="a">Available on microfilm from Micro Photo Division, Bell and Howell.</subfield></datafield><datafield ind1=" " ind2=" " tag="588"><subfield code="a">Description based on: Vol. 20, no. 1 (Jan. 2, 1851).</subfield></datafield><datafield ind1=" " ind2="0" tag="651"><subfield code="a">Waterloo (N.Y.)</subfield><subfield code="v">Newspapers.</subfield></datafield><datafield ind1=" " ind2="0" tag="651"><subfield code="a">Seneca County (N.Y.)</subfield><subfield code="v">Newspapers.</subfield></datafield><datafield ind1=" " ind2="7" tag="655"><subfield code="a">Newspapers.</subfield><subfield code="2">fast</subfield><subfield code="0">(OCoLC)fst01423814</subfield></datafield><datafield ind1=" " ind2="7" tag="651"><subfield code="a">New York (State)</subfield><subfield code="z">Seneca County.</subfield><subfield code="2">fast</subfield><subfield code="0">(OCoLC)fst01220660</subfield></datafield><datafield ind1=" " ind2="7" tag="651"><subfield code="a">New York (State)</subfield><subfield code="z">Waterloo.</subfield><subfield code="2">fast</subfield><subfield code="0">(OCoLC)fst01220668</subfield></datafield><datafield ind1=" " ind2=" " tag="752"><subfield code="a">United States</subfield><subfield code="b">New York</subfield><subfield code="c">Seneca</subfield><subfield code="d">Waterloo.</subfield></datafield><datafield ind1="0" ind2="0" tag="780"><subfield code="t">Seneca observer &amp; union</subfield><subfield code="w">(DLC)sn 84031393</subfield><subfield code="w">(OCoLC)11062749</subfield></datafield><datafield ind1="0" ind2="0" tag="785"><subfield code="t">Waterloo weekly observer (Waterloo, N.Y. : 1870)</subfield><subfield code="w">(DLC)sn 83031753</subfield></datafield><datafield ind1=" " ind2=" " tag="938"><subfield code="a">Kirtas Technologies, Inc.</subfield><subfield code="b">KRTS</subfield><subfield code="n">738717</subfield></datafield></record>